<?xml version="1.0" encoding="UTF-8"?><collection xmlns="http://www.loc.gov/MARC21/slim"><record><leader>00545nam--2200169-i-4500</leader><controlfield tag="001">000028718</controlfield><controlfield tag="002">20161230</controlfield><controlfield tag="005">20161230201037</controlfield><controlfield tag="008">060222s1000------------r-----000-0-eng-d</controlfield><datafield ind1=" " ind2=" " tag="040"><subfield code="a">IFIN-HH</subfield></datafield><datafield ind1=" " ind2=" " tag="080"><subfield code="a">015:539.143.44</subfield></datafield><datafield ind1="1" ind2=" " tag="100"><subfield code="a">Lesser, Peter Michael Sapir</subfield></datafield><datafield ind1="1" ind2="0" tag="245"><subfield code="a">Measurements of static electric quadrupole moments in 48ti, 56fe, 58ni and 60ni</subfield><subfield code="b">Dissertation</subfield><subfield code="c">Peter michael sapir lesser</subfield></datafield><datafield ind1=" " ind2=" " tag="260"><subfield code="a">Ann Arbor, Michigan</subfield><subfield code="b">University Microfilms</subfield><subfield code="c">1971</subfield></datafield><datafield ind1=" " ind2=" " tag="300"><subfield code="a">XV + 191P</subfield></datafield><datafield ind1=" " ind2=" " tag="852"><subfield code="a">37853</subfield><subfield code="c">539.14</subfield></datafield><datafield ind1=" " ind2=" " tag="CAT"><subfield code="a">Sys</subfield><subfield code="c">20120328</subfield><subfield code="h">151955</subfield></datafield></record></collection>